@book{Smith2020,
	title={Historia de la virtualización},
	author={Smith, J.},
	year={2020},
	publisher={Editorial Tecnológica}
}

@article{Johnson2019,
	title={Virtualización: Conceptos y aplicaciones},
	author={Johnson, L.},
	journal={Revista de Computación Avanzada},
	year={2019},
	volume={15},
	number={3},
	pages={45--60}
}

@book{Brown2021,
	title={Tecnologías de virtualización en la nube},
	author={Brown, T.},
	year={2021},
	publisher={Sitio Web de Tecnología}
}

@manual{VMware2020,
	title={Introduction to VMware Virtualization},
	author={{VMware}},
	year={2020},
	note={VMware Official Documentation}
}

@manual{Docker2021,
	title={What is a Container?},
	author={{Docker}},
	year={2021},
	note={Docker Official Documentation}
}